@article{DBLP:journals/corr/abs-1304-5168,
  author    = {Jialu Liu},
  title     = {Image Retrieval based on Bag-of-Words model},
  journal   = {CoRR},
  volume    = {abs/1304.5168},
  year      = {2013},
  url       = {http://arxiv.org/abs/1304.5168},
  timestamp = {Thu, 02 May 2013 15:54:12 +0200},
  biburl    = {http://dblp.uni-trier.de/rec/bib/journals/corr/abs-1304-5168},
  bibsource = {dblp computer science bibliography, http://dblp.org}
}

@article{Gang20121255,
title = "Improved Bags-of-Words Algorithm for Scene Recognition ",
journal = "Physics Procedia ",
volume = "24, Part B",
number = "",
pages = "1255 - 1261",
year = "2012",
note = "International Conference on Applied Physics and Industrial Engineering 2012 ",
issn = "1875-3892",
doi = "http://dx.doi.org/10.1016/j.phpro.2012.02.188",
url = "http://www.sciencedirect.com/science/article/pii/S1875389212002313",
author = "Liu Gang and Wang Xiaochi",
keywords = "scene recognition",
keywords = "bags-of-words (BoW)",
keywords = "GMM",
keywords = "soft assignment "
}

@inproceedings{LingqiaoLiu:2011:DSC:2355573.2356438,
 author = {Lingqiao Liu and Lei Wang and Xinwang Liu},
 title = {In Defense of Soft-assignment Coding},
 booktitle = {Proceedings of the 2011 International Conference on Computer Vision},
 series = {ICCV '11},
 year = {2011},
 isbn = {978-1-4577-1101-5},
 pages = {2486--2493},
 numpages = {8},
 url = {http://dx.doi.org/10.1109/ICCV.2011.6126534},
 doi = {10.1109/ICCV.2011.6126534},
 acmid = {2356438},
 publisher = {IEEE Computer Society},
 address = {Washington, DC, USA},
}
@inproceedings{BMVC.25.76,
      title = {The devil is in the details: an evaluation of recent feature encoding methods},
      author = {Ken Chatfield,  Victor Lempitsky,  Andrea Vedaldi and  Andrew Zisserman},
      year={2011},
      pages={76.1--76.12},
      booktitle={Proceedings of the British Machine Vision Conference},
      publisher={BMVA Press},
      editors={Hoey, Jesse and McKenna, Stephen and Trucco, Emanuele},
      isbn={1-901725-43-X},
      note = {http://dx.doi.org/10.5244/C.25.76}
} 

@INPROCEEDINGS{Philbin08lostin,
    author = {James Philbin and Michael Isard and Josef Sivic and Andrew Zisserman},
    title = {Lost in quantization: Improving particular object retrieval in large scale image databases},
    booktitle = {In CVPR},
    year = {2008}
}

@inproceedings{Gemert:2008:KCS:1478172.1478227,
 author = {Gemert, Jan C. and Geusebroek, Jan-Mark and Veenman, Cor J. and Smeulders, Arnold W.},
 title = {Kernel Codebooks for Scene Categorization},
 booktitle = {Proceedings of the 10th European Conference on Computer Vision: Part III},
 series = {ECCV '08},
 year = {2008},
 isbn = {978-3-540-88689-1},
 location = {Marseille, France},
 pages = {696--709},
 numpages = {14},
 url = {http://dx.doi.org/10.1007/978-3-540-88690-7_52},
 doi = {10.1007/978-3-540-88690-7_52},
 acmid = {1478227},
 publisher = {Springer-Verlag},
 address = {Berlin, Heidelberg},
} 
